@misc{NTC1486,
abstract = {En esta norma se consideran los requisitos para la presentaci{\'{o}}n de un trabajo escrito, con el fin de orientar al estudiante, docente e investigador en su elaboraci{\'{o}}n. No se enfatiza en los aspectos metodol{\'{o}}gicos de la investigaci{\'{o}}n, sino en los aspectos formales de presentaci{\'{o}}n. Los trabajos de investigaci{\'{o}}n no se realizan necesariamente para optar a un t{\'{i}}tulo, ni tienen como forma final de presentaci{\'{o}}n el documento impreso en papel en forma exclusiva, ya que pueden usarse otros soportes documentales tales como los electr{\'{o}}nicos.},
address = {Bogot{\'{a}}},
author = {{Instituto colombiano de normas t{\'{e}}cnicas y certificaci{\'{o}}n (Icontec)}},
file = {:E\:/Proyectos que ojala den dinero/LaTeX-class/NTC/Norma_Tecnica_Colombiana_NTC_1486_completa_archivo.pdf:pdf},
institution = {Instituto Colombiano De Normas T{\'{e}}cnicas Y Certificaci{\'{o}}n (Icontec)},
pages = {41},
title = {{NTC 1486 - Documentaci{\'{o}}n. Prepresentacion de tesis, trabajos de grado y otros trabajos de investigaci{\'{o}}n}},
year = {2008}
}
